<record><leader>00000cas a22000007a 4500</leader><controlfield tag="001">9522439</controlfield><controlfield tag="008">830518d189419uuarumr ne      0    0eng d</controlfield><datafield ind1=" " ind2=" " tag="010"><subfield code="a">sn 93050656 </subfield></datafield><datafield ind1=" " ind2=" " tag="040"><subfield code="a">NPV</subfield><subfield code="b">eng</subfield><subfield code="c">NPV</subfield><subfield code="d">NPT</subfield><subfield code="d">DLC</subfield><subfield code="d">ANU</subfield><subfield code="d">OCLCQ</subfield><subfield code="d">OCLCF</subfield><subfield code="d">OCLCO</subfield><subfield code="d">OCL</subfield><subfield code="d">OCLCA</subfield></datafield><datafield ind1=" " ind2=" " tag="042"><subfield code="a">msc</subfield></datafield><datafield ind1=" " ind2=" " tag="043"><subfield code="a">n-us-ar</subfield></datafield><datafield ind1="0" ind2="0" tag="245"><subfield code="a">Morgan's buzz=saw.</subfield></datafield><datafield ind1=" " ind2=" " tag="260"><subfield code="a">Hardy, Ark. :</subfield><subfield code="b">C.V. Morgan</subfield></datafield><datafield ind1=" " ind2=" " tag="300"><subfield code="a">v.</subfield></datafield><datafield ind1=" " ind2=" " tag="310"><subfield code="a">Monthly,</subfield><subfield code="b">July 1, 1895-&lt;July 15, 1905&gt;</subfield></datafield><datafield ind1=" " ind2=" " tag="321"><subfield code="a">Quarterly,</subfield><subfield code="b">&lt;Oct. 1894-Jan. 1895&gt;</subfield></datafield><datafield ind1="1" ind2=" " tag="362"><subfield code="a">Began in 1894?</subfield></datafield><datafield ind1=" " ind2=" " tag="500"><subfield code="a">"Rip 'em up the back."</subfield></datafield><datafield ind1=" " ind2=" " tag="588"><subfield code="a">Description based on: Vol. 1, no. 4 (Oct. 1894).</subfield></datafield><datafield ind1=" " ind2="0" tag="650"><subfield code="a">Populism</subfield><subfield code="z">Arkansas</subfield><subfield code="v">Newspapers.</subfield></datafield><datafield ind1=" " ind2="0" tag="651"><subfield code="a">Arkansas</subfield><subfield code="x">Politics and government</subfield><subfield code="v">Newspapers.</subfield></datafield><datafield ind1=" " ind2="7" tag="650"><subfield code="a">Politics and government</subfield><subfield code="2">fast</subfield><subfield code="0">(OCoLC)fst01919741</subfield></datafield><datafield ind1=" " ind2="7" tag="650"><subfield code="a">Populism.</subfield><subfield code="2">fast</subfield><subfield code="0">(OCoLC)fst01071658</subfield></datafield><datafield ind1=" " ind2="7" tag="651"><subfield code="a">Arkansas.</subfield><subfield code="2">fast</subfield><subfield code="0">(OCoLC)fst01204809</subfield></datafield><datafield ind1=" " ind2="7" tag="655"><subfield code="a">Newspapers.</subfield><subfield code="2">fast</subfield><subfield code="0">(OCoLC)fst01423814</subfield></datafield><datafield ind1=" " ind2=" " tag="752"><subfield code="a">United States</subfield><subfield code="b">Arkansas</subfield><subfield code="c">Sharp</subfield><subfield code="d">Hardy.</subfield></datafield><datafield ind1="0" ind2="5" tag="780"><subfield code="t">National reformer (Hardy, Ark.)</subfield><subfield code="w">(DLC)sn 85032965</subfield></datafield><datafield ind1="1" ind2=" " tag="029"><subfield code="a">AU@</subfield><subfield code="b">000025889979</subfield></datafield></record>